<record><leader>00000cas a22000007a 4500</leader><controlfield tag="001">14375397</controlfield><controlfield tag="008">861010d191219uutxuwr ne      0    0eng d</controlfield><datafield ind1=" " ind2=" " tag="010"><subfield code="a">sn 86089652 </subfield></datafield><datafield ind1=" " ind2=" " tag="040"><subfield code="a">PPM</subfield><subfield code="b">eng</subfield><subfield code="c">PPM</subfield><subfield code="d">OCLCQ</subfield></datafield><datafield ind1=" " ind2=" " tag="042"><subfield code="a">msc</subfield></datafield><datafield ind1="0" ind2="4" tag="245"><subfield code="a">The Strawn tribune.</subfield></datafield><datafield ind1=" " ind2=" " tag="260"><subfield code="a">Strawn, Tex. :</subfield><subfield code="b">Stevens Print. Co.</subfield></datafield><datafield ind1=" " ind2=" " tag="300"><subfield code="a">v. :</subfield><subfield code="b">ill. ;</subfield><subfield code="c">46-56 cm.</subfield></datafield><datafield ind1=" " ind2=" " tag="310"><subfield code="a">Weekly</subfield></datafield><datafield ind1="1" ind2=" " tag="362"><subfield code="a">Began in Aug. 1912.</subfield></datafield><datafield ind1=" " ind2=" " tag="500"><subfield code="a">Editors: Stevens Printing Co, ; Binyon &amp; Soule; S.D. Taylor; Sam G. Lee; H.E. Choate; W.L. Garner; H.L. Simpson; Lee Pub. Co. &lt;1938-&gt;.</subfield></datafield><datafield ind1=" " ind2=" " tag="588"><subfield code="a">Description based on: Vol. 1, no. 36 (May 2, 1913).</subfield></datafield><datafield ind1=" " ind2=" " tag="752"><subfield code="a">United States</subfield><subfield code="b">Texas</subfield><subfield code="c">Palo Pinto</subfield><subfield code="d">Strawn.</subfield></datafield><datafield ind1="0" ind2="0" tag="780"><subfield code="t">Strawn enterprise</subfield></datafield></record>